<record><leader>00000cas a22000007a 4500</leader><controlfield tag="001">12364927</controlfield><controlfield tag="008">850808d18uu1906iauir ne      0    0eng d</controlfield><datafield ind1=" " ind2=" " tag="010"><subfield code="a">sn 85050871 </subfield></datafield><datafield ind1=" " ind2=" " tag="040"><subfield code="a">INP</subfield><subfield code="b">eng</subfield><subfield code="c">INP</subfield><subfield code="d">OCLCQ</subfield></datafield><datafield ind1=" " ind2=" " tag="042"><subfield code="a">msc</subfield></datafield><datafield ind1="0" ind2="0" tag="245"><subfield code="a">Every other daily union.</subfield></datafield><datafield ind1="3" ind2="0" tag="246"><subfield code="a">Daily union</subfield></datafield><datafield ind1="3" ind2="0" tag="246"><subfield code="a">Union</subfield></datafield><datafield ind1="1" ind2="3" tag="246"><subfield code="a">Belle Plaine union</subfield></datafield><datafield ind1=" " ind2=" " tag="260"><subfield code="a">Belle Plaine, Iowa :</subfield><subfield code="b">Fred W. Browne &amp; Co.,</subfield><subfield code="c">-1906.</subfield></datafield><datafield ind1=" " ind2=" " tag="300"><subfield code="a">v. :</subfield><subfield code="b">ill. ;</subfield><subfield code="c">55-60 cm.</subfield></datafield><datafield ind1=" " ind2=" " tag="310"><subfield code="a">Triweekly</subfield></datafield><datafield ind1="0" ind2=" " tag="362"><subfield code="a">-40th year, no. 2992 (May 12, 1906).</subfield></datafield><datafield ind1=" " ind2=" " tag="500"><subfield code="a">Publisher: Union Print Co., Jan. 3, 1899-1906.</subfield></datafield><datafield ind1=" " ind2=" " tag="500"><subfield code="a">Editors: S.B. Montgomery, Mar. 21-Oct. 12, 1899; Alex Calvert, &lt;Oct. 1899&gt;-May 12, 1906.</subfield></datafield><datafield ind1=" " ind2=" " tag="515"><subfield code="a">Jan. 5, 1899, issue misdated Jan. 5, 1898.</subfield></datafield><datafield ind1=" " ind2=" " tag="525"><subfield code="a">Includes occasional supplements.</subfield></datafield><datafield ind1=" " ind2=" " tag="588"><subfield code="a">Description based on: 31st year, no. 1620 (July 17, 1897).</subfield></datafield><datafield ind1=" " ind2=" " tag="752"><subfield code="a">United States</subfield><subfield code="b">Iowa</subfield><subfield code="c">Benton</subfield><subfield code="d">Belle Plaine.</subfield></datafield><datafield ind1="0" ind2="0" tag="780"><subfield code="t">Belle Plaine union (Belle Plaine, Iowa : 1869)</subfield><subfield code="w">(DLC)sn 84027051</subfield></datafield><datafield ind1="0" ind2="0" tag="785"><subfield code="t">Belle Plaine union (Belle Plaine, Iowa : 1906)</subfield><subfield code="w">(DLC)sn 85050870</subfield></datafield></record>